=LDR  03459cam a2200865 i 4500
=001  016179561
=003  Uk
=005  20211231173301.0
=008  120425s2012\\\\ne\a\\\\\b\\\\001\0\eng\d
=FMT  \\$a  BK
=015  \\$aGBB2A3207$2bnb
=016  7\$a016179561$2Uk
=020  \\$a9780123942838 (hardback)
=020  \\$a0123942837 (hardback)
=035  \\$a(OCoLC)792878271
=040  \\$aUk$beng$cUk$dUk$erda
=042  \\$aukblsr
=082  04$a593.4$223
=245  00$aAdvances in sponge science :$bphysiology, chemical and microbial diversity, biotechnology /$cedited by Mikel A. Becerro, Maria J. Uriz, Manuel Maldonado and Xavier Turon, Center for Advanced Studies (CEAB-CSIC).
=264  \1$aAmsterdam :$bElsevier,$c2012.
=300  \\$axviii, 355 pages :$billustrations (black and white) ;$c24 cm.
=336  \\$atext$2rdacontent
=337  \\$aunmediated$2rdamedia
=338  \\$avolume$2rdacarrier
=490  0\$aAdvances in marine biology,$x0065-2881 ;$vvolume 62
=504  \\$aIncludes bibliographical references and indexes.
=540  \\$aCurrent copyright fee: GBP34.30$c5\1$5Uk
=650  \0$aSponges.
=650  \0$aSponges$xPhysiology.
=650  \0$aSponges$vClassification.
=650  \0$aSponges$xEcology.
=700  1\$aBecerro, Mikel A.,$eeditor of compilation.
=700  1\$aUriz, Maria-Jesús,$eeditor of compilation.
=700  1\$aMaldonado, Manuel$q(Maldonado Barahona),$eeditor of compilation.
=700  1\$aTuron, Xavier,$eeditor of compilation.
=859  \\$aXLD$bdatasets
=856  \\$31850-9999$uhttp://www.elsevier.com/journals$xBLDSS
=852  41$aBritish Library$bHMNTS$jP.P.8001.mh.
=852  41$aBritish Library$bDSC$j0709.340000
=852  71$aBritish Library$bSTI$k(P)$hCC 73$m-E(7)$2blsrissc
=852  11$aBritish Library$bSTI$k(B)$h593.4
=CAT  \\$a7164$b40$c20121001$lBLL01$h1304
=CAT  \\$aIPL-CLA$c20121231$lBLL01$h1337
=CAT  \\$aIPL-CLA$c20130102$lBLL01$h1818
=CAT  \\$a10876$b40$c20130124$lBLL01$h1207
=CAT  \\$a5751$b40$c20130131$lBLL01$h1411
=CAT  \\$a5751$b40$c20130204$lBLL01$h0938
=CAT  \\$a8964$b40$c20130204$lBLL01$h1332
=CAT  \\$aBATCH-CLA$b00$c20130508$lBLL01$h0716
=CAT  \\$aWR13.117$c20130718$lBLL01$h1857
=CAT  \\$aBATCH-CLA$b00$c20130719$lBLL01$h0049
=CAT  \\$aBLDSS-3PM$b00$c20141222$lBLL01$h1720
=CAT  \\$aBATCH-UPD$b00$c20151017$lBLL01$h2208
=CAT  \\$aBATCH-CLA$b00$c20151018$lBLL01$h0129
=CAT  \\$aWR16_021$c20160706$lBLL01$h1809
=CAT  \\$aBATCH-UPD$b00$c20160706$lBLL01$h1915
=CAT  \\$aBATCH-CLA$b00$c20160707$lBLL01$h0111
=CAT  \\$aBATCH-UPD$b00$c20171121$lBLL01$h1754
=CAT  \\$aIPL-CLA$c20171231$lBLL01$h1815
=CAT  \\$aBATCH-UPD$b00$c20190521$lBLL01$h1445
=CAT  \\$aBATCH-CLA$b00$c20190522$lBLL01$h0215
=CAT  \\$aBATCH-CLA$b00$c20190522$lBLL01$h0242
=CAT  \\$aIPL-CLA$c20190630$lBLL01$h1546
=CAT  \\$aBATCH-UPD$b00$c20211119$lBLL01$h1601
=CAT  \\$aBATCH-CLA$b00$c20211120$lBLL01$h0147
=CAT  \\$aBATCH-CLA$b00$c20211120$lBLL01$h0215
=CAT  \\$aIPL-CLA$c20211231$lBLL01$h1733
=CFI  0\$aCurrent copyright fee: GBP34.30$c5\1$e01-jan-2022$fGBP34.30$g0$hP$5Uk
=CFI  2\$aPrevious copyright fee: GBP32.84$c5\1$e01-jul-2019$fGBP32.84$g0$hP$5Uk
=FFP  \\$aY$bBLDSS-3PM
=FFP  \\$aY$bDATASETS
=FIN  \\$aY$d20121010
=SID  \\$aZ39$bOCLC
=TCO  \\$aCLA$bCLA$c008
=LAS  \\$aIPL-CLA$b00$c20211231$lBLL01$h1733

