=LDR  04763 as a2201069ua 4500
=001  009858849
=003  Uk
=005  20160720121917.0
=007  ta
=008  040409c20019999si\qr\p\\\\\\\0\\\a0eng\\
=FMT  \\$a  SE
=019  c\$a2611516
=022  0\$a0219-4554
=040  \\$aUk$cUk$dUk
=245  00$aInternational journal of structural stability and dynamics.
=246  30$aStructural stability and dynamics
=260  \\$aSingapore :$bWorld Scientific,$cc2001-
=300  \\$av. :$bill. ;$c26 cm.
=310  \\$aQuarterly
=336  \\$atext$2rdacontent
=337  \\$aunmediated$2rdamedia
=338  \\$avolume$2rdacarrier
=595  \\$aSEE ALSO CARD INDEX.
=540  \\$aCurrent copyright fee: GBP35.00$c28\0$5Uk
=650  \0$aStructural stability$vPeriodicals.
=650  \0$aStructural dynamics$vPeriodicals.
=710  2\$aWorld Scientific (Firm)
=776  0\$tInternational journal of structural stability and dynamics (Online)
=859  \\$aXLD$bdatasets
=856  \\$31850-9999$uhttp://www.worldscientific.com/$xBLDSS
=852  41$aBritish Library$bDSC$j4542.681490$3Vol. 1 (2001)-v. 9, no. 4 (Dec. 2009)
=945  \\$aInternational journal of structural stability and dynamics.
=959  \\$fHeld but not currently received
=985  \\$aRecord merged by DQ team
=A02  \\$a2611516$z51881
=A02  \\$a2611516
=CAT  \\$aCONV$b00$c20040425$lBLL90$h0704
=CAT  \\$aBATCH-UPD$b00$c20110518$lBLL01$h0949
=CAT  \\$a5552$b40$c20110613$lBLL01$h0942
=CAT  \\$aIPL-CLA$c20110630$lBLL01$h1522
=CAT  \\$aBATCH-UPD$b00$c20111123$lBLL01$h1843
=CAT  \\$aIPL-CLA$c20111230$lBLL01$h1820
=CAT  \\$aBATCH-UPD$b00$c20120518$lBLL01$h1720
=CAT  \\$aIPL-CLA$c20120629$lBLL01$h1006
=CAT  \\$aBATCH-CLA$b00$c20121105$lBLL01$h1753
=CAT  \\$aBATCH-UPD$b00$c20121121$lBLL01$h1633
=CAT  \\$aIPL-CLA$c20121231$lBLL01$h1254
=CAT  \\$aIPL-CLA$c20130102$lBLL01$h1700
=CAT  \\$aWR13.005$c20130323$lBLL01$h1354
=CAT  \\$aBATCH-UPD$b00$c20130522$lBLL01$h1736
=CAT  \\$aIPL-CLA$c20130701$lBLL01$h0019
=CAT  \\$a5552$b40$c20130725$lBLL01$h1451
=CAT  \\$aWR13.117$c20130728$lBLL01$h1335
=CAT  \\$aWR13.117$c20130728$lBLL01$h1338
=CAT  \\$aBLDSS-3PM$b00$c20141208$lBLL01$h1623
=CAT  \\$aBATCH-UPD$b00$c20160413$lBLL01$h1807
=CAT  \\$a5552$b40$c20160720$lBLL01$h1219
=CAT  \\$aIPL-CLA$c20160930$lBLL01$h1550
=CAT  \\$aBATCH-UPD$b00$c20170315$lBLL01$h1205
=CAT  \\$aIPL-CLA$c20170315$lBLL01$h1248
=CAT  \\$aBATCH-UPD$b00$c20180524$lBLL01$h1736
=CAT  \\$aIPL-CLA$c20180630$lBLL01$h1910
=CFI  0\$aCurrent copyright fee: GBP35.00$c28\0$e01-jul-2018$fGBP35.00$g0$hP$5Uk
=CFI  2\$aPrevious copyright fee: GBP30.00$c28\0$e15-mar-2017$fGBP30.00$g0$hP$5Uk
=FFP  \\$aY$bBLDSS-3PM
=FFP  \\$aY$bDATASETS
=FIN  \\$aY
=LEO  \\$aMP10.0000296092
=SRC  \\$aDSS03$bbibsr.200404.2.aa
=SRC  \\$aDSS01$bbibmp10.200404.2.aa
=TCO  \\$aSGP$bCLASS$c008
=TOC  \\$aETOC
=ACF  \\$aPrevious copyright fee: GBP18.75$c28\0$e01-jul-2011$fGBP18.75$g0$hP$5Uk
=ACF  \\$aPrevious copyright fee: GBP16.13$c28\0$e01-jul-2010$fGBP16.13$g0$hP$5Uk
=ACF  \\$aPrevious copyright fee: GBP15.15$c28\0$e01-oct-2009$fGBP15.15$g0$hP$5Uk
=ACF  \\$aPrevious copyright fee: GBP17.86$c28\0$e01-apr-2009$fGBP17.86$g0$hP$5Uk
=ACF  \\$aPrevious copyright fee: GBP15.63$c28\0$e01-jan-2009$fGBP15.63$g0$hP$5Uk
=ACF  \\$aPrevious copyright fee: GBP12.50$c28\0$e01-jul-2007$fGBP12.50$g0$hP$5Uk
=ACF  \\$aPrevious copyright fee: GBP12.82$c28\0$e01-apr-2007$fGBP12.82$g0$hP$5Uk
=ACF  \\$aPrevious copyright fee: GBP13.52$c28\0$e01-oct-2006$fGBP13.52$g0$hP$5Uk
=ACF  \\$aPrevious copyright fee: GBP14.29$c28\0$e01-apr-2006$fGBP14.29$g0$hP$5Uk
=ACF  \\$aPrevious copyright fee: GBP13.89$c28\0$e01-jan-2006$fGBP13.89$g0$hP$5Uk
=ACF  \\$aPrevious copyright fee: GBP13.51$c28\0$e01-apr-2005$fGBP13.51$g0$hP$5Uk
=ACF  \\$aPrevious copyright fee: GBP13.89$c28\0$e01-jan-2005$fGBP13.89$g0$hP$5Uk
=ACF  \\$aPrevious copyright fee: GBP13.30$c28\0$e14-feb-2002$fGBP13.30$g0$hP$5Uk
=ACF  \\$aPrevious copyright fee: GBP19.35$c28\0$e01-jan-2012$fGBP19.35$g0$hP$5Uk
=ACF  \\$aPrevious copyright fee: GBP18.18$c28\0$e01-jul-2012$fGBP18.18$g0$hP$5Uk
=ACF  \\$aPrevious copyright fee: GBP19.35$c28\0$e01-jul-2013$fGBP19.35$g0$hP$5Uk
=ACF  \\$aPrevious copyright fee: GBP18.75$c28\0$e01-jan-2013$fGBP18.75$g0$hP$5Uk
=ACF  \\$aPrevious copyright fee: GBP20.00$c28\0$e25-jul-2013$fGBP20.00$g0$hP$5Uk
=ACF  \\$aPrevious copyright fee: GBP25.00$c28\0$e01-oct-2016$fGBP25.00$g0$hP$5Uk
=LAS  \\$aIPL-CLA$b00$c20180630$lBLL01$h1910

