=LDR  06163cas a2201285 a 4500
=001  007842415
=003  Uk
=005  20230930080138.0
=007  ta
=008  040409c19759999enkar\p\\\\\\\0\\\a0eng\\
=FMT  \\$a  SE
=019  c\$a2211057
=022  0\$a0361-2112$202
=040  \\$aUk$beng$cUk$dUk
=042  \\$aissnuk$aukblsr
=082  04$a391.00973$223
=130  0\$aDress (Costume Society of America)
=222  \0$aDress.
=245  10$aDress :$bthe annual journal of the Costume Society of America.
=260  \\$a[New York] :$bCostume Society of America
=260  3\$aLeeds :$bManey Publishing for the Costume Society of America
=300  \\$av. :$bill. ;$c27 cm.
=310  \\$aAnnual
=336  \\$atext$2rdacontent
=337  \\$aunmediated$2rdamedia
=338  \\$avolume$2rdacarrier
=362  1\$aBegan in 1975.
=588  \\$aDescription based on: Vol. 35 (2008/2009).
=588  \\$aLatest issue consulted: Vol. 36 (2010).
=595  \\$aSee also card index
=540  \\$aCurrent copyright fee: GBP37.00$c2\0$5Uk
=710  2\$aCostume Society of America.
=776  08$iAlso issued online as:$tDress (Costume Society of America : Online)$x2042-1729
=859  \\$aXLD$bdatasets
=856  \\$31850-9999$uhttp://maneypublishing.com/$xBLDSS
=852  41$aBritish Library$bHMNTS$jZK.9.b.31336$3Vol. 35 (2008/2009)-v. 39, no. 2 (2013)***title now taken as electronic copy only
=852  41$aBritish Library$bDSC$j3623.435000$3Vol. 6, 1980-v. 40, no. 2 (2014)
=945  \\$aDress -Earleville Maryland then Leeds-
=959  \\$fHeld but not currently received
=985  \\$aCorrected by MS generated file for WR# 12.018
=985  \\$aISSN responsibility transferred from US Center to ISSN UK Centre 17.1.13.
=A02  \\$a2211057
=CAT  \\$aCONV$b00$c20040425$lBLL90$h0702
=CAT  \\$aBATCH-CLA$b00$c20121103$lBLL01$h1023
=CAT  \\$a10973$b40$c20130116$lBLL01$h1018
=CAT  \\$a10973$b40$c20130117$lBLL01$h1343
=CAT  \\$a10973$b40$c20130130$lBLL01$h1332
=CAT  \\$aWR13.005$c20130329$lBLL01$h1208
=CAT  \\$a5997$b40$c20130516$lBLL01$h1112
=CAT  \\$a8335$b40$c20130625$lBLL01$h1424
=CAT  \\$aWR13.117$c20130718$lBLL01$h1857
=CAT  \\$aCDS15-UPD$b40$c20140630$lBLL01$h1052
=CAT  \\$aBLDSS-3PM$b00$c20141208$lBLL01$h1622
=CAT  \\$aBATCH-UPD$b00$c20151119$lBLL01$h1602
=CAT  \\$aIPL-CLA$c20151231$lBLL01$h1906
=CAT  \\$aBATCH-UPD$b00$c20160413$lBLL01$h1802
=CAT  \\$aBATCH-UPD$b00$c20161122$lBLL01$h1542
=CAT  \\$aBATCH-UPD$b00$c20161122$lBLL01$h1816
=CAT  \\$aIPL-CLA$c20161230$lBLL01$h1812
=CAT  \\$a5552$b40$c20190111$lBLL01$h1413
=CAT  \\$aBATCH-UPD$b40$c20191122$lBLL01$h1920
=CAT  \\$aIPL-CLA$c20191231$lBLL01$h1720
=CAT  \\$aBATCH-UPD$b00$c20201118$lBLL01$h1354
=CAT  \\$aIPL-CLA$c20201231$lBLL01$h1519
=CAT  \\$aBATCH-UPD$b00$c20221121$lBLL01$h1429
=CAT  \\$aIPL-CLA$c20221231$lBLL01$h1433
=CAT  \\$aR2308-1440$c20230824$lBLL01$h0925
=CAT  \\$aIPL-CLA$c20230930$lBLL01$h0801
=CFI  0\$aCurrent copyright fee: GBP37.00$c2\0$e01-oct-2023$fGBP37.00$g0$hP$5Uk
=CFI  2\$aPrevious copyright fee: GBP37.00$c47\0$e01-jan-2023$fGBP37.00$g0$hP$5Uk
=FFP  \\$aY$bBLDSS-3PM
=FFP  \\$aY$bDATASETS
=FIN  \\$aY
=LEO  \\$aMP10.0000195862
=SRC  \\$aDSS01$bbibmp10.200404.2.aa
=TCO  \\$aTRS$bCCC$c008
=TOC  \\$aETOC
=ACF  \\$aPrevious Copyright Fee: GBP18.00$c0$e01-Jan-2010$fGBP18.00$g0$hC$5Uk
=ACF  \\$aPrevious Copyright Fee: GBP0.40$c0$e01-oct-2009$fGBP0.40$g0$hC$5Uk
=ACF  \\$aPrevious Copyright Fee: GBP0.47$c0$e01-jul-2009$fGBP0.47$g0$hC$5Uk
=ACF  \\$aPrevious Copyright Fee: GBP0.47$c0$e01-apr-2009$fGBP0.47$g0$hC$5Uk
=ACF  \\$aPrevious Copyright Fee: GBP0.41$c0$e01-jan-2009$fGBP0.41$g0$hC$5Uk
=ACF  \\$aPrevious Copyright Fee: GBP0.33$c0$e01-oct-2008$fGBP0.33$g0$hC$5Uk
=ACF  \\$aPrevious Copyright Fee: GBP0.33$c0$e01-jul-2008$fGBP0.33$g0$hC$5Uk
=ACF  \\$aPrevious Copyright Fee: GBP0.30$c0$e01-apr-2008$fGBP0.30$g0$hC$5Uk
=ACF  \\$aPrevious Copyright Fee: GBP0.33$c0$e01-jan-2008$fGBP0.33$g0$hC$5Uk
=ACF  \\$aPrevious Copyright Fee: GBP0.33$c0$e01-oct-2007$fGBP0.33$g0$hC$5Uk
=ACF  \\$aPrevious Copyright Fee: GBP0.33$c0$e01-jul-2007$fGBP0.33$g0$hC$5Uk
=ACF  \\$aPrevious Copyright Fee: GBP0.34$c0$e01-apr-2007$fGBP0.34$g0$hC$5Uk
=ACF  \\$aPrevious Copyright Fee: GBP0.36$c0$e01-jan-2007$fGBP0.36$g0$hC$5Uk
=ACF  \\$aPrevious Copyright Fee: GBP0.36$c0$e01-oct-2006$fGBP0.36$g0$hC$5Uk
=ACF  \\$aPrevious Copyright Fee: GBP0.38$c0$e01-jul-2006$fGBP0.38$g0$hC$5Uk
=ACF  \\$aPrevious Copyright Fee: GBP0.38$c0$e01-apr-2006$fGBP0.38$g0$hC$5Uk
=ACF  \\$aPrevious Copyright Fee: GBP0.37$c0$e01-jan-2006$fGBP0.37$g0$hC$5Uk
=ACF  \\$aPrevious Copyright Fee: GBP0.36$c0$e01-oct-2005$fGBP0.36$g0$hC$5Uk
=ACF  \\$aPrevious Copyright Fee: GBP0.36$c0$e01-jul-2005$fGBP0.36$g0$hC$5Uk
=ACF  \\$aPrevious Copyright Fee: GBP0.36$c0$e01-apr-2005$fGBP0.36$g0$hC$5Uk
=ACF  \\$aPrevious Copyright Fee: GBP0.37$c0$e01-jan-2005$fGBP0.37$g0$hC$5Uk
=ACF  \\$aPrevious Copyright Fee: GBP0.36$c0$e01-oct-2004$fGBP0.36$g0$hC$5Uk
=ACF  \\$aPrevious copyright fee: GBP0.36$c0$e01-apr-2004$fGBP0.36$g0$hC$5Uk
=ACF  \\$aCurrent copyright fee: GBP0.39$c0$e01-jan-2004$fGBP0.39$g0$hC$5Uk
=ACF  \\$aCurrent copyright fee: GBP0.41$c0$e01-jan-2003$fGBP0.41$g0$hC$5Uk
=ACF  \\$aPrevious Copyright Fee: GBP18.00$c47\0$e01-apr-2010$fGBP18.00$g0$hP$5Uk
=ACF  \\$aPrevious copyright fee: GBP25.00$c47\0$e01-jul-2012$fGBP25.00$g0$hP$5Uk
=ACF  \\$aPrevious copyright fee: GBP28.00$c47\0$e01-jan-2017$fGBP28.00$g0$hP$5Uk
=ACF  \\$aPrevious copyright fee: GBP26.00$c47\0$e01-jan-2016$fGBP26.00$g0$hP$5Uk
=ACF  \\$aPrevious copyright fee: GBP32.00$c47\0$e11-jan-2019$fGBP32.00$g0$hP$5Uk
=ACF  \\$aPrevious copyright fee: GBP34.00$c47\0$e01-jan-2020$fGBP34.00$g0$hP$5Uk
=ACF  \\$aPrevious copyright fee: GBP35.00$c47\0$e01-jan-2021$fGBP35.00$g0$hP$5Uk
=LAS  \\$aIPL-CLA$b00$c20230930$lBLL01$h0801

