=LDR  02805caa a22007217i 4500
=001  016458148
=003  Uk
=005  20221231232328.0
=008  130724s2013\\\\gw\\\\\\\\\\\\100\0\ger\\
=FMT  \\$a  BK
=040  \\$aUk$beng$cUk$erda
=CNF  \\$aONLEX®: ONkologisches-Leo-EXperten (Meeting)$n(1 :$d2013 Apr :$cHamburg, Germany)
=245  00$aForum Supportiv :$btherapie.
=264  \1$aStuttgart :$bSchattauer GmbH,$c[2013]
=300  \\$aPages 138-139
=336  \\$atext$2rdacontent
=337  \\$aunmediated$2rdamedia
=338  \\$avolume$2rdacarrier
=591  \\$aReport. Conference theme: Onco meets Angio.
=540  \\$aCurrent copyright fee: GBP23.00$c49\0$5Uk
=653  1\$aOnkologisches
=653  1\$aONLEX®
=653  1\$aAngio
=653  1\$aOnco
=773  0\$tOnkologische Welt$g3 (Juni 2013)
=859  \\$aXLD$bdatasets
=856  \\$31850-9999$uhttp://www.thieme.com/$xBLDSS
=852  41$aBritish Library$bDSC$j6260.656000
=945  \\$aOnkologische welt, ISSN 1869-0874 ; Nr 3 2013
=CAT  \\$a10934$b40$c20130724$lBLL01$h1022
=CAT  \\$aW1606-1753$c20171028$lBLL01$h1352
=CAT  \\$aBATCH-CLA$b00$c20171029$lBLL01$h0424
=CAT  \\$aBATCH-CLA$b00$c20171222$lBLL01$h0115
=CAT  \\$aIPL-CLA$c20171231$lBLL01$h1819
=CAT  \\$aBLDSS-3PM$b00$c20180104$lBLL01$h0812
=CAT  \\$aBATCH-UPD$b00$c20180104$lBLL01$h0902
=CAT  \\$a7764$b40$c20181001$lBLL01$h1235
=CAT  \\$aBATCH-CLA$b00$c20181002$lBLL01$h0105
=CAT  \\$aBATCH-UPD$b00$c20181126$lBLL01$h1138
=CAT  \\$aBATCH-CLA$b00$c20181127$lBLL01$h0110
=CAT  \\$aBATCH-CLA$b00$c20181127$lBLL01$h0117
=CAT  \\$aIPL-CLA$c20181231$lBLL01$h1553
=CAT  \\$aBATCH-UPD$b00$c20190314$lBLL01$h1523
=CAT  \\$aBATCH-CLA$b00$c20190315$lBLL01$h0123
=CAT  \\$aBATCH-UPD$b00$c20210510$lBLL01$h1233
=CAT  \\$aIPL-CLA$c20210510$lBLL01$h1318
=CAT  \\$aBATCH-CLA$b00$c20210511$lBLL01$h0109
=CAT  \\$aBATCH-UPD$b00$c20211119$lBLL01$h1529
=CAT  \\$aBATCH-CLA$b00$c20211120$lBLL01$h0202
=CAT  \\$aBATCH-CLA$b00$c20211120$lBLL01$h0216
=CAT  \\$aIPL-CLA$c20211231$lBLL01$h1733
=CAT  \\$aBATCH-UPD$b00$c20221121$lBLL01$h1434
=CAT  \\$aBATCH-CLA$b00$c20221122$lBLL01$h0215
=CAT  \\$aBATCH-CLA$b00$c20221122$lBLL01$h0243
=CAT  \\$aIPL-CLA$c20221231$lBLL01$h2323
=CFI  0\$aCurrent copyright fee: GBP23.00$c49\0$e01-jan-2023$fGBP23.00$g0$hP$5Uk
=CFI  2\$aPrevious copyright fee: GBP16.00$c49\0$e01-jan-2022$fGBP16.00$g0$hP$5Uk
=FFP  \\$aY$bBLDSS-3PM
=FIN  \\$aY$d20130724
=LKR  \\$aANA$b016120829$lBLL01$nOnkologische Welt$mForum Supportiv$r773$y2013$v3
=UNO  \\$aY
=ACF  \\$aPrevious copyright fee: GBP12.00$c0$e09-jul-2012$fGBP12.00$g0$hA$5Uk
=LAS  \\$aIPL-CLA$b00$c20221231$lBLL01$h2323

