=LDR  04608cam a2201057 a 4500
=001  016204926
=003  Uk
=005  20121109113021.0
=008  120818s2012\\\\gw\a\\\\\b\\\\101\0\eng\d
=FMT  \\$a  BK
=010  \\$a2012947017
=015  \\$aGBB2B3151$2bnb
=020  \\$a9783642335051 (pbk.)
=020  \\$a3642335055 (pbk.)
=020  \\$z9783642335068 (e-book.)
=035  \\$a(OCoLC)807043655
=040  \\$aBTCTA$beng$cBTCTA$dYDXCP$dOHX$dUk
=042  \\$aukblsr
=072  \7$aTA$2lcco
=082  04$a006.3$223
=111  2\$aChinese Conference on Pattern Recognition$n(5th :$d2012 :$cBeijing, China)
=CNF  \\$aChinese conference on pattern recognition$n(5th :$d2012 Sep :$cBeijing)
=245  10$aPattern Recognition :$bChinese Conference, CCPR 2012, Beijing, China, September 24-26, 2012. Proceedings /$cCheng-Lin Liu, Changshui Zhang, Liang Wang (eds.).
=260  \\$aHeidelberg :$bSpringer,$cc2012.
=300  \\$axvii, 683 p. :$bill. ;$c24 cm.
=336  \\$atext$2rdacontent
=337  \\$aunmediated$2rdamedia
=338  \\$avolume$2rdacarrier
=490  0\$aCommunications in computer and information science,$x1865-0929 ;$v321
=500  \\$aInternational conference proceedings.
=504  \\$aIncludes bibliographical references and author index.
=591  \\$aPapers.
=540  \\$aCurrent copyright fee: GBP19.00$c42\0$5Uk
=650  \0$aPattern recognition systems$vCongresses.
=650  \0$aOptical pattern recognition$vCongresses.
=650  \0$aComputer vision$vCongresses.
=650  \0$aImage processing$xDigital techniques$vCongresses.
=653  1\$aCCPR
=700  1\$aLiu, Cheng-Lin.
=700  1\$aZhang, Changshui.
=700  1\$aWang, Liang,$d1975-
=859  \\$aXLD$bdatasets
=856  \\$31850-9999$uhttp://www.springer.com/gb/$xBLDSS
=852  \\$aBritish Library$bDSC$j3359.544000$qLOST (VOL 1044)
=945  \\$aCommunications in computer and information science, ISSN 1865-0929 ; no 321 2012
=CAT  \\$a7233$b40$c20121106$lBLL01$h1301
=CAT  \\$aBATCH-CLA$c20140528$lBLL01$h1814
=CAT  \\$aIPL-CLA$c20140630$lBLL01$h1757
=CAT  \\$aBLDSS-3PM$b00$c20150102$lBLL01$h1736
=CAT  \\$aBATCH-UPD$b00$c20150219$lBLL01$h1924
=CAT  \\$aIPL-CLA$c20150331$lBLL01$h1721
=CAT  \\$aBATCH-UPD$b00$c20150406$lBLL01$h0242
=CAT  \\$aBATCH-UPD$b00$c20150414$lBLL01$h1156
=CAT  \\$aBATCH-UPD$b00$c20150520$lBLL01$h1922
=CAT  \\$aIPL-CLA$c20150630$lBLL01$h1718
=CAT  \\$aBATCH-UPD$b00$c20150820$lBLL01$h1953
=CAT  \\$aIPL-CLA$c20150930$lBLL01$h1846
=CAT  \\$aBATCH-UPD$b00$c20160217$lBLL01$h1851
=CAT  \\$aIPL-CLA$c20160331$lBLL01$h1810
=CAT  \\$aBATCH-UPD$b00$c20160520$lBLL01$h0822
=CAT  \\$aBATCH-UPD$b00$c20160524$lBLL01$h2253
=CAT  \\$aBATCH-UPD$b00$c20160824$lBLL01$h1909
=CAT  \\$aIPL-CLA$c20160930$lBLL01$h1637
=CAT  \\$aBATCH-UPD$b00$c20170216$lBLL01$h1953
=CAT  \\$aIPL-CLA$c20170331$lBLL01$h1915
=CAT  \\$aBATCH-UPD$b00$c20170904$lBLL01$h2021
=CAT  \\$aIPL-CLA$c20170929$lBLL01$h1800
=CAT  \\$aBATCH-UPD$b00$c20180223$lBLL01$h1919
=CAT  \\$aIPL-CLA$c20180331$lBLL01$h1702
=CAT  \\$aBATCH-UPD$b00$c20180524$lBLL01$h1804
=CAT  \\$aIPL-CLA$c20180630$lBLL01$h1937
=CFI  0\$aCurrent copyright fee: GBP19.00$c42\0$e01-jul-2018$fGBP19.00$g0$hP$5Uk
=CFI  2\$aPrevious copyright fee: GBP21.39$c42\0$e01-apr-2018$fGBP21.39$g0$hP$5Uk
=FFP  \\$aY$bBLDSS-3PM
=FFP  \\$aY$bDATASETS
=FIN  \\$aY$d20121108
=SID  \\$aZ39$bOCLC
=TCO  \\$aDEU$bVG WORT$c008
=UNO  \\$aY
=ACF  \\$aPrevious copyright fee: GBP18.72$c42\0$e01-jan-2013$fGBP18.72$g0$hP$5Uk
=ACF  \\$aPrevious copyright fee: GBP19.32$c42\0$e01-jul-2013$fGBP19.32$g0$hP$5Uk
=ACF  \\$aPrevious copyright fee: GBP18.72$c42\0$e01-jan-2014$fGBP18.72$g0$hP$5Uk
=ACF  \\$aPrevious copyright fee: GBP18.15$c42\0$e01-jul-2014$fGBP18.15$g0$hP$5Uk
=ACF  \\$aPrevious copyright fee: GBP19.32$c42\0$e01-apr-2015$fGBP19.32$g0$hP$5Uk
=ACF  \\$aPrevious copyright fee: GBP19.97$c42\0$e01-jul-2015$fGBP19.97$g0$hP$5Uk
=ACF  \\$aPrevious copyright fee: GBP19.32$c42\0$e01-oct-2015$fGBP19.32$g0$hP$5Uk
=ACF  \\$aPrevious copyright fee: GBP20.66$c42\0$e01-apr-2016$fGBP20.66$g0$hP$5Uk
=ACF  \\$aPrevious copyright fee: GBP22.19$c42\0$e01-oct-2016$fGBP22.19$g0$hP$5Uk
=ACF  \\$aPrevious copyright fee: GBP23.96$c42\0$e01-apr-2017$fGBP23.96$g0$hP$5Uk
=ACF  \\$aPrevious copyright fee: GBP23.04$c42\0$e01-oct-2017$fGBP23.04$g0$hP$5Uk
=LAS  \\$aIPL-CLA$b00$c20180630$lBLL01$h1937

